@article{23084503,
  title = {{Review of automatic segmentation methods of multiple sclerosis white matter lesions on conventional magnetic resonance imaging.}},
  date = {2013 Jan},
  source = {Med Image Anal},
  authors = {García-Lorenzo, D and Francis, S and Narayanan, S and Arnold, DL and Collins, DL},
  author = {García-Lorenzo, D and Francis, S and Narayanan, S and Arnold, DL and Collins, DL},
  year = {2013},
  month = {Jan},
  journal = {Med Image Anal},
  volume = {17},
  number = {},
  pages = {1-18},
  pubmed_id = {23084503},
}
